@online{omOss,
    author = "Parkrun",
    title = "Om Oss | Parkrun sweden",
    url  = "https://www.parkrun.se/aboutus/",
    addendum = "(accessed: 01.29.2024)",
    keywords = "latex,knuth"
}